@book{西瓜书,
title = {机器学习},
author = {周志华},
publisher = {清华大学出版社},
year = {2016},
}

@article{Davies1979A,
  title={A Cluster Separation Measure},
  author={Davies, David L. and Bouldin, Donald W.},
  journal={IEEE Trans Pattern Anal Mach Intell},
  volume={PAMI-1},
  number={2},
  pages={224-227},
  year={1979},
}

@ARTICLE{1056489,
  author={S. {Lloyd}},
  journal={IEEE Transactions on Information Theory}, 
  title={Least squares quantization in PCM}, 
  year={1982},
  volume={28},
  number={2},
  pages={129-137},}